<record><leader>00000cas a22000007a 4500</leader><controlfield tag="001">13770277</controlfield><controlfield tag="008">860624d19281968nvuwr ne      0    0eng d</controlfield><datafield ind1=" " ind2=" " tag="010"><subfield code="a">sn 86076268 </subfield></datafield><datafield ind1=" " ind2=" " tag="040"><subfield code="a">NNX</subfield><subfield code="b">eng</subfield><subfield code="c">NNX</subfield><subfield code="d">OCLCQ</subfield><subfield code="d">OCLCF</subfield><subfield code="d">OCLCO</subfield></datafield><datafield ind1=" " ind2=" " tag="042"><subfield code="a">msc</subfield></datafield><datafield ind1=" " ind2=" " tag="043"><subfield code="a">n-us-nv</subfield></datafield><datafield ind1="0" ind2="0" tag="245"><subfield code="a">Caliente herald.</subfield></datafield><datafield ind1=" " ind2=" " tag="260"><subfield code="a">Caliente, Nev. :</subfield><subfield code="b">Caliente Pub. Co.,</subfield><subfield code="c">1928-1968.</subfield></datafield><datafield ind1=" " ind2=" " tag="300"><subfield code="a">42 v. :</subfield><subfield code="b">ill.</subfield></datafield><datafield ind1=" " ind2=" " tag="310"><subfield code="a">Weekly</subfield></datafield><datafield ind1="0" ind2=" " tag="362"><subfield code="a">Vol. 1, no. (Jan. 12, 1928)-v. 42, no. 19 (May 30, 1968).</subfield></datafield><datafield ind1=" " ind2=" " tag="500"><subfield code="a">Published by: D.S. Williams, Jan. 3, 1946-Apr. 5, 1956; J. &amp; F. Westover, Apr. 12, 1956-May 30, 1968.</subfield></datafield><datafield ind1=" " ind2="0" tag="651"><subfield code="a">Caliente (Nev.)</subfield><subfield code="v">Newspapers.</subfield></datafield><datafield ind1=" " ind2="7" tag="655"><subfield code="a">Newspapers.</subfield><subfield code="2">fast</subfield><subfield code="0">(OCoLC)fst01423814</subfield></datafield><datafield ind1=" " ind2="7" tag="651"><subfield code="a">Nevada</subfield><subfield code="z">Caliente.</subfield><subfield code="2">fast</subfield><subfield code="0">(OCoLC)fst01224661</subfield></datafield><datafield ind1=" " ind2=" " tag="752"><subfield code="a">United States</subfield><subfield code="b">Nevada</subfield><subfield code="c">Lincoln</subfield><subfield code="d">Caliente.</subfield></datafield><datafield ind1="0" ind2="7" tag="785"><subfield code="t">Pioche record (1932)</subfield><subfield code="w">(DLC)sn 86091351</subfield><subfield code="w">(OCoLC)13457939</subfield></datafield><datafield ind1="0" ind2="7" tag="785"><subfield code="t">Lincoln County record (Pioche, Nev. : 1968)</subfield><subfield code="w">(DLC)sn 84000050</subfield><subfield code="w">(OCoLC)11285049</subfield></datafield></record>